@article{yaga2019blockchain,
  title={Blockchain technology overview},
  author={Yaga, Dylan and Mell, Peter and Roby, Nik and Scarfone, Karen},
  journal={arXiv preprint arXiv:1906.11078},
  year={2019}
}

@incollection{lamport2019part,
  title={The part-time parliament},
  author={Lamport, Leslie},
  booktitle={Concurrency: the Works of Leslie Lamport},
  pages={277--317},
  year={2019}
}

@article{nakamoto2008bitcoin,
  title={Bitcoin: A peer-to-peer electronic cash system},
  author={Nakamoto, Satoshi},
  journal={Decentralized Business Review},
  pages={21260},
  year={2008}
}

@article{zarrin2021blockchain,
  title={Blockchain for decentralization of internet: prospects, trends, and challenges},
  author={Zarrin, Javad and Wen Phang, Hao and Babu Saheer, Lakshmi and Zarrin, Bahram},
  journal={Cluster Computing},
  volume={24},
  number={4},
  pages={2841--2866},
  year={2021},
  publisher={Springer}
}